
@book{Wat09,
    author = "Sumio Watanabe",
    title = "Algebraic Geometry and Statistical Learning Theory",
    publisher = "Cambridge University Press",
    year = "2009",
    annotate = {
        blah blah blah
    }
}

@book{BCR98,
    author = "Jacek Bochnak and Michel Coste and Marie-Fran√ßoise Roy",
    title = "Real Algebraic Geometry",
    publisher = "Springer",
    year = "1998",
    annotate = {
        foo bar baz
    }
}

@book{CLO97,
    author = "David Cox and John Little and Donal O'Shea",
    title = "Ideals, Varieties, and Algorithms",
    publisher = "Springer",
    year = "1997",
    edition = "Second",
    annotate = {
        The standard introduction to computational algebraic geometry at an
        undergraduate level.
    }
}

@book{CLO05,
    author = "David Cox and John Little and Donal O'Shea",
    title = "Using Algebraic Geometry",
    publisher = "Springer",
    year = "2005",
    edition = "Second",
    annotate = {
        A blah
    }
}

@article{CMS09,
    author = "Maria AngelicaCueto and Jason Morton and Bernd Sturmfels",
    title = "Geometry of the Restricted Boltzmann Machine",
    year = "2009",
    eprint = "arXiv:09084425"
}

@article{CTY10,
    author = "Maria Angelica Cueto and Enrique A. Tobis and Josephine Yu",
    title = "An Implicitization Challenge for Binary Factor Analysis",
    year = "2010",
    eprint = "arXiv:1006.1384"
}

