@book{Ama,
    author = "Shun-Ichi Amari",
    title = "Methods of Information Geometry",
    publisher = "American Mathematical Society",
    year = "2001",
    annotate = {
        A standard reference for the field of Information Geometry.
    }
}

@book{BCR98,
    author = "Jacek Bochnak and Michel Coste and Marie-Françoise Roy",
    title = "Real Algebraic Geometry",
    publisher = "Springer",
    year = "1998",
    annotate = {
        foo bar baz
    }
}

@article{Ben09,
    author = "Yoshua Bengio",
    title = "Learning Deep Architectures for {AI}",
    journal = "Foundations and Trends in Machine Learning",
    year = "2009",
    annotate = {
        This monograph contains both an overview of the motivations for deep
            learning in the context of artificial intelligence, and an overview
            of current deep learning techniques, including the Deep Belief
            Network.
    },
}

@book{CLO97,
    author = "David Cox and John Little and Donal O'Shea",
    title = "Ideals, Varieties, and Algorithms",
    publisher = "Springer",
    year = "1997",
    edition = "Second",
    annotate = {
        The standard introduction to computational algebraic geometry, covering
        topics including affine and projective varieties, Gröbner bases, and
        elimination theory.
    }
}

@book{CLO05,
    author = "David Cox and John Little and Donal O'Shea",
    title = "Using Algebraic Geometry",
    publisher = "Springer",
    year = "2005",
    edition = "Second",
    annotate = {
        A graduate-level look at computational algebraic geometry by the same
            authors as \textit{Ideals, Varieties, and Algorithms} with a
            particular focus on Gröbner basis and resultant methods.
    }
}

@article{CMS09,
    author = "Maria Cueto and Jason Morton and Bernd Sturmfels",
    title = "Geometry of the {R}estricted {B}oltzmann {M}achine",
    year = "2010",
    journal = "Contemporary Mathematics",
    volume = "516",
    eprint = "arXiv:09084425",
    annotate = {
        An examination of the Restricted Boltzmann Machine from an
            algebro-geometric perspective, additionally using tropical
            techniques to prove dimensionality results.  This paper is of
            central importance to this thesis.
    }
}

@misc{CTY10,
    author = "Maria Cueto and Enrique Tobis and Josephine Yu",
    title = "An implicitization challenge for binary factor analysis",
    year = "2010",
    publisher = "Preprint",
    howpublished = "Preprint at \texttt{http://arxiv.org/abs/1006.1384}",
    eprint = "arXiv:1006.1384",
    annotate = {
        Inspired by a question given by Bernd Sturmfels, the team computed the
            defining polynomial for the hypersurface determined by the
            Restricted Boltzmann Machine with four visible and two hidden nodes.
    }
}

@article{DS98,
    author = "Persi Diaconis and Bernd Sturmfels",
    title = "Algebraic algorithms for sampling from conditional distributions",
    journal = "The Annals of Statistics",
    year = "1998",
    annotate = {
        A seminal paper in the field of algebraic statistics that analyzed
            contingency tables using a Monte Carlo sampling algorithm computed
            with Gröbner bases.
    }

}

@book{DSS08,
    author = "Mathias Drton and Bernd Sturmfels and Seth Sullivant",
    title = "Lectures on Algebraic Statistics",
    publisher = "Birkhäuser Basel",
    year = "2008",
    annotate = {
        Lecture notes that arose out of a five-day Oberwolfach Seminar in 2008,
        and one of the few good introductions to algebraic statistics.
    }
}

@article{Hin07,
    author = "Geoffrey Hinton",
    title = "A fast learning algorithm for deep belief nets",
    year = "2006",
    journal = "Neural Computation",
    annotate = {
        An early paper on the Deep Belief Network that introduced the
            `contrastive divergence' algorithm, sparking increased interest in
            the Restricted Boltzmann Machine.
    }
}

@book{EOSL,
    author = "Trevor Hastie and Robert Tibshirani and Jerome Friedman",
    title = "The Elements of Statistical Learning",
    publisher = "Springer",
    edition = "Second",
    year = "2009",
    annotate = {
        An excellent introductory textbook on statistical (machine) learning.
            An electronic version has been made freely available by the authors.
    }
}

@book{AOS,
    author = "Larry Wasserman",
    title = "All of Statistics",
    publisher = "Springer",
    year = "2010",
    annotate = {
        Contains brief introductions to a wide range of statistical ideas.
    }
}

@online{MNIST,
    author = "Yann LeCun and Corinna Cortes",
    title = "The {MNIST} Database of Handwritten Digits",
    month = "November",
    year = "2011",
    howpublished = "\texttt{http://yann.lecun.com/exdb/mnist/}",
    annotate = {
        This website hosts the MNIST dataset of handwritten digits, consisting
            of a training set of 60,000 images and a test set of 10,000 images.
            The website also tabulates the performance of various algorithms on
            the dataset, with references.
    },
}

@article{MA10,
    author = "Guido Montufar and Nihat Ay",
    title = "Refinements of universal approximation results for deep belief
        networks and restricted Boltzmann machines",
    year = "2011",
    journal = "Neural Computation",
    annotate = {
        This paper shows that given enough hidden units, a Restricted Boltzmann
            Machine can approximate any distribution on the visible units
            arbitrarily well.  The proof is through a construction.  Similarly,
            a universally approximating Deep Belief Network is constructed.
    },
}

@book{ASCB,
    author = "Lior Pachter and Bernd Sturmfels",
    title = "Algebraic Statistics for Computational Biology",
    year = "2005",
    publisher = "Cambridge University Press",
    annotate = {
        This book is probably more important to the field of algebraic
            statistics than the title would indicate, as the subject has seen
            some of its most fruitful application in computational biology.
    },
}

@book{Sha94,
    author = "Igor Shafarevich",
    title = "Basic Algebraic Geometry 1",
    publisher = "Springer",
    year = "1994",
    annotate = {
        An introduction to algebraic geometry at a more elementary level than,
        for example, Hartshorne's \textit{Algebraic Geometry}.
    },
}

@book{Mum99,
    author = "David Mumford",
    title = "The Red Book of Varieties and Schemes",
    publisher = "Springer",
    year = "1999",
    annotate = {
        A well-known introduction to algebraic geometry.
    }
}

@book{Invitation,
    author = "Karen E. Smith and  Lauri Kahanpää and Pekka Kekäläinen and William Traves",
    title = "An Invitation to Algebraic Geometry",
    publisher = "Springer",
    year = "2010",
    annotate = {
        An excellent, readable, and brief introduction to some of the ideas of
        algebraic geometry.
    }
}

@book{Hart,
    author = "Robin Hartshorne",
    title = "Algebric Geometry",
    publisher = "Springer",
    year = "2010",
    annotate = {
        The standard graduate-level introduction to algebraic geometry.
    }
}


-------------------------------------------

@book{Wat09,
    author = "Sumio Watanabe",
    title = "Algebraic Geometry and Statistical Learning Theory",
    publisher = "Cambridge University Press",
    year = "2009",
    annotate = {
        blah blah blah
    }
}

@article{GMS06,
    author = "Dan Geiger and Christopher Meek and Bernd Sturmfels",
    title = "On the toric algebra of graphical models",
    journal = "The Annals of Statistics",
    year = 2006,
    annotate = {
        what?
    }
}


@article{Mon10,
    author = "Guido Montufar",
    title = "Mixture Models and Representational power of RBMs, DBNs and DBMs",
    year = "2010",
    annotate = {
        Presented at ... this takes the results of
    }
}

@article{PS03,
    author = "Lior Pachter and Bernd Sturmfels",
    title = "Tropical Geometry of Statistical Models",
    year = "2003",
    annotate = {
        In connection to their work on models for bioinformatics,
    }
}

@article{Ric09,
    author = "Eva Riccomagno",
    title = "A short history of algebraic statistics",
    year = "2009",
    annotate = {
        This covers
    }
}

@article{GSS,
    author = "Luis Garcia and Michael Stillman and Bernd Sturmfels",
    title = "Algebraic Geometry of Bayesian Networks",
    year = "2005",
    journal = "Journal of Symbolic Computation",
    annotate = {
        An algebro-geometric examination of the Bayesian networks.  Bayesian
            networks use directed graphs, in contrast to the undirected graphs
            of Markov random fields.
    },
}

@book{Cam99
  , author = "Peter J. Cameron"
  , title = "Permutation Groups"
  , year = "1999"
  , publisher = "Cambridge University Press"
}

@book{GRPS
  , author = "Persi Diaconis"
  , title = "Group Representations in Probability and Statistics"
  , year = "1988"
  , publisher = "Institute of Mathematical Statistics"
}

Edit this!
@article{Sta84
  , author = "Dennis Stanton"
  , title = "Orthogonal Polynomials and Chevalley Groups"
  , year = "1984"
  , journal = "Special Functions: Group Theoretical Aspects and Applications, 87-128"
}

@article{CW06
  , author = "Michael Cook and William J. Wolfe"
  , title = "The Hypercube Graph and the Inhibitory Hypercube Network"
  , year = "2006"
  , journal = ""
}

@misc{UCIData,
    author = "A. Frank and A. Asuncion",
    year = "2010",
    title = "{UCI} Machine Learning Repository",
    url = "http://archive.ics.uci.edu/ml",
    institution = "University of California, Irvine, School of Information and Computer Sciences" 
}

@book{DMA,
    author = "Yvonne M. Bishop and Stephen E. Fienberg and Paul W. Holland",
    title = "Discrete Multivariate Analysis: Theory and Practice",
    publisher = "Springer",
    year = "2007",
    annotate = {
        The reference book on models for multivariate data, especially
        log-linear models.
    }
}

@article{SPEC
  , author = "David Buchman and Mark Schmidt and Shakir Mohamed and David Poole
      and Nando de Freitas"
  , title = "On Sparse, Spectral and Other Parametrizations of Binary
      Probabilistic Models"
  , year = "2012"
  , journal = "Proceedings of the 15th International Conference on Artificial
  Intelligence and Statistics"
}

@article{LASSO
  , author = "Robert Tibshirani"
  , title = "Regression Shrinkage and Selection via the Lasso"
  , year = "1996"
  , journal = "Journal of the Royal Statistical Society"
}

@article{Gelf
  , author = "Tullio Ceccherini-Silberstein and Daniele D'Angeli and Alfredo
      Donno and Fabio Scarabotti and Filippo Tolli"
  , title = "Finite {G}elfand pairs: examples and applications"
  , year = "2008"
  , journal = "Ischia Group Theory 2008 (Proceedings of the Conference)"
}

@article{Harm
  , author = "Fabio Scarabotti and Filippo Tolli"
  , title = "Harmonic analysis on a finite homogeneous space"
  , year = "2010"
  , journal = "Proceedings of the London Mathematical Society"
}
